<record><leader>00000cas a22000007a 4500</leader><controlfield tag="001">11833267</controlfield><controlfield tag="008">850321d18471851paudn ne      0    0eng d</controlfield><controlfield tag="009">5601</controlfield><datafield ind1=" " ind2=" " tag="010"><subfield code="a">sn 85054514 </subfield></datafield><datafield ind1=" " ind2=" " tag="040"><subfield code="a">NPH</subfield><subfield code="b">eng</subfield><subfield code="c">NPH</subfield><subfield code="d">DLC</subfield><subfield code="d">NPH</subfield><subfield code="d">NPY</subfield><subfield code="d">DLC</subfield><subfield code="d">NPH</subfield><subfield code="d">HUL</subfield></datafield><datafield ind1="1" ind2=" " tag="029"><subfield code="a">AU@</subfield><subfield code="b">000025797890</subfield></datafield><datafield ind1=" " ind2=" " tag="042"><subfield code="a">msc</subfield></datafield><datafield ind1="0" ind2="0" tag="050"><subfield code="a">Newspaper 9590</subfield></datafield><datafield ind1="0" ind2=" " tag="130"><subfield code="a">Pittsburgh daily gazette (Pittsburgh, Pa. : 1847)</subfield></datafield><datafield ind1="0" ind2="4" tag="245"><subfield code="a">The Pittsburgh daily gazette.</subfield></datafield><datafield ind1=" " ind2=" " tag="260"><subfield code="a">Pittsburgh, Pa. :</subfield><subfield code="b">Erastus Brooks,</subfield><subfield code="c">1847-1851.</subfield></datafield><datafield ind1=" " ind2=" " tag="300"><subfield code="a">4 v. ;</subfield><subfield code="c">70 cm.</subfield></datafield><datafield ind1=" " ind2=" " tag="310"><subfield code="a">Daily (except Sun.)</subfield></datafield><datafield ind1="0" ind2=" " tag="362"><subfield code="a">Vol. 14, no. 201 (Apr. 1, 1847)-v. 18, no. 134 (Jan. 8, 1851).</subfield></datafield><datafield ind1=" " ind2=" " tag="500"><subfield code="a">Published by Erastus Brooks, Apr. 1, 1847-June 30, 1848; White &amp; Co., July 1, 1848-Jan. 8, 1851.</subfield></datafield><datafield ind1=" " ind2=" " tag="752"><subfield code="a">United States</subfield><subfield code="b">Pennsylvania</subfield><subfield code="c">Allegheny</subfield><subfield code="d">Pittsburgh.</subfield></datafield><datafield ind1="0" ind2=" " tag="775"><subfield code="t">Pittsburgh gazette (Pittsburgh, Pa. : 1825 : Weekly)</subfield><subfield code="w">(DLC)sn 84026383</subfield></datafield><datafield ind1="0" ind2="0" tag="780"><subfield code="t">Pittsburgh daily gazette and advertiser</subfield><subfield code="w">(DLC)sn 85054515</subfield><subfield code="w">(OCoLC)2266156</subfield></datafield><datafield ind1="0" ind2="0" tag="785"><subfield code="t">Daily Pittsburgh gazette (Pittsburgh, Pa. : 1851)</subfield><subfield code="w">(DLC)sn 84026382</subfield><subfield code="w">(OCoLC)10443237</subfield></datafield></record>